<?xml version="1.0" encoding="UTF-8"?><collection xmlns="http://www.loc.gov/MARC21/slim"><record><leader>00536nam--2200181-u-4500</leader><controlfield tag="001">000053366</controlfield><controlfield tag="002">20161230</controlfield><controlfield tag="005">20161230201051</controlfield><controlfield tag="008">110316s1000------------r-----000-0-eng-d</controlfield><datafield ind1=" " ind2=" " tag="020"><subfield code="a">9736147978</subfield></datafield><datafield ind1=" " ind2=" " tag="040"><subfield code="a">IFIN-HH</subfield></datafield><datafield ind1=" " ind2=" " tag="080"><subfield code="a">53:53.06</subfield></datafield><datafield ind1="1" ind2=" " tag="110"><subfield code="a">Ovidius University Of Constanta</subfield></datafield><datafield ind1="1" ind2="0" tag="245"><subfield code="a">Abstracts</subfield><subfield code="b">Seven-th intenational balkan workshop on applied physics, july 5-7, 2006, constanta, romania</subfield></datafield><datafield ind1=" " ind2=" " tag="260"><subfield code="a">Constanta</subfield><subfield code="b">Ovidius University Press</subfield><subfield code="c">2006</subfield></datafield><datafield ind1=" " ind2=" " tag="300"><subfield code="a">204P</subfield></datafield><datafield ind1=" " ind2=" " tag="852"><subfield code="a">82244</subfield><subfield code="c">53</subfield></datafield><datafield ind1=" " ind2=" " tag="CAT"><subfield code="a">Sys</subfield><subfield code="c">20110316</subfield><subfield code="h">151212</subfield></datafield></record></collection>